% this is the bibliography file

@incollection{ferreira2011understanding,
  title={Understanding human-smartphone concerns: a study of battery life},
  author={Ferreira, Denzil and Dey, Anind K and Kostakos, Vassilis},
  booktitle={Pervasive computing},
  pages={19--33},
  year={2011},
  publisher={Springer}
}

@misc{batteryLife,
  title={Why your smartphone Battery Sucks},
  author={Megan Geuss},
  year={2015},
  publisher={http://www.techhive.com/article/228189/SmartBat.html}
}

@article{shiraz2013review,
  title={A review on distributed application processing frameworks in smart mobile devices for mobile cloud computing},
  author={Shiraz, Muhammad and Gani, Abdullah and Khokhar, Rashid Hafeez and Buyya, Rajkumar},
  journal={Communications Surveys \& Tutorials, IEEE},
  volume={15},
  number={3},
  pages={1294--1313},
  year={2013},
  publisher={IEEE}
}

@Misc{iso-odf,
  author = 	 {International Organization for Standardization},
  title = 	 {ISO/IEC 26300:2006 Open Document Format},
  howpublished = {\url{http://std.dkuug.dk/keld/iso26300-odf/is26300/iso_iec_26300:2006_e.pdf}},
  month = 	 {December},
  year = 	 {2006},
  annote = 	 {\url{http://www.iso.org/iso/iso_catalogue/catalogue_tc/catalogue_detail.htm?csnumber=43485}}
}

@article{flores2014computational,
  title={Computational Offloading or Data Binding},
  author={Flores, H and Srirama, SN and Buyya, R},
  journal={Bridging the Cloud Infrastructure to the Proximity of the Mobile User},
  year={2014}
}

@article{kumar2010cloud,
  title={Cloud computing for mobile users: Can offloading computation save energy?},
  author={Kumar, Karthik and Lu, Yung-Hsiang},
  journal={Computer},
  number={4},
  pages={51--56},
  year={2010},
  publisher={IEEE}
}

@inproceedings{klein2010access,
  title={Access schemes for mobile cloud computing},
  author={Klein, Andreas and Mannweiler, Christian and Schneider, Joerg and Schotten, Hans D},
  booktitle={Mobile Data Management (MDM), 2010 Eleventh International Conference on},
  pages={387--392},
  year={2010},
  organization={IEEE}
}

@inproceedings{cuervo2010maui,
  title={MAUI: making smartphones last longer with code offload},
  author={Cuervo, Eduardo and Balasubramanian, Aruna and Cho, Dae-ki and Wolman, Alec and Saroiu, Stefan and Chandra, Ranveer and Bahl, Paramvir},
  booktitle={Proceedings of the 8th international conference on Mobile systems, applications, and services},
  pages={49--62},
  year={2010},
  organization={ACM}
}

@inproceedings{chun2011clonecloud,
  title={Clonecloud: elastic execution between mobile device and cloud},
  author={Chun, Byung-Gon and Ihm, Sunghwan and Maniatis, Petros and Naik, Mayur and Patti, Ashwin},
  booktitle={Proceedings of the sixth conference on Computer systems},
  pages={301--314},
  year={2011},
  organization={ACM}
}

@article{srirama2012social,
  title={Social group formation with mobile cloud services},
  author={Srirama, Satish Narayana and Paniagua, Carlos and Flores, Huber},
  journal={Service Oriented Computing and Applications},
  volume={6},
  number={4},
  pages={351--362},
  year={2012},
  publisher={Springer}
}

@inproceedings{lee2007comparative,
  title={A comparative study of wireless protocols: Bluetooth, UWB, ZigBee, and Wi-Fi},
  author={Lee, Jin-Shyan and Su, Yu-Wei and Shen, Chung-Chou},
  booktitle={Industrial Electronics Society, 2007. IECON 2007. 33rd Annual Conference of the IEEE},
  pages={46--51},
  year={2007},
  organization={IEEE}
}

@article{martelli2014bluetooth,
  title={Bluetooth low energy},
  author={Martelli, Flavia},
  journal={University of Bologna},
  volume={25},
  year={2014}
}

@article{haartsen2000bluetooth,
  title={The Bluetooth radio system},
  author={Haartsen, Jaap C},
  journal={Personal Communications, IEEE},
  volume={7},
  number={1},
  pages={28--36},
  year={2000},
  publisher={IEEE}
}

@inproceedings{datta2012android,
  title={Android power management: Current and future trends},
  author={Datta, Soumya Kanti and Bonnet, Christian and Nikaein, Navid},
  booktitle={Enabling Technologies for Smartphone and Internet of Things (ETSIoT), 2012 First IEEE Workshop on},
  pages={48--53},
  year={2012},
  organization={IEEE}
}

@article{gomez2012overview,
  title={Overview and evaluation of bluetooth low energy: An emerging low-power wireless technology},
  author={Gomez, Carles and Oller, Joaquim and Paradells, Josep},
  journal={Sensors},
  volume={12},
  number={9},
  pages={11734--11753},
  year={2012},
  publisher={Molecular Diversity Preservation International}
}

@article{zanella2009mathematical,
  title={A mathematical framework for the performance analysis of Bluetooth with enhanced data rate},
  author={Zanella, Andrea},
  journal={Communications, IEEE Transactions on},
  volume={57},
  number={8},
  pages={2463--2473},
  year={2009},
  publisher={IEEE}
}

@inproceedings{mackensen2012performance,
  title={Performance analysis of an Bluetooth Low Energy sensor system},
  author={Mackensen, Elke and Lai, Matthias and Wendt, Thomas M},
  booktitle={Wireless Systems (IDAACS-SWS), 2012 IEEE 1st International Symposium on},
  pages={62--66},
  year={2012},
  organization={IEEE}
}

@inproceedings{olteanu2013extending,
  title={Extending the capabilities of mobile devices for online social applications through cloud offloading},
  author={Olteanu, Alexandru-Corneliu and Tapus, Nicolae and Iosup, Alexandru},
  booktitle={Cluster, Cloud and Grid Computing (CCGrid), 2013 13th IEEE/ACM International Symposium on},
  pages={160--163},
  year={2013},
  organization={IEEE}
}

@misc{developers2011android,
  title={What is android},
  author={Developers, Android},
  year={2011},
  publisher={Android Developers, http://developer. android. com/guide/basics/what-is-android. html, accessed May}
}

@misc{androidwiki,
  title={Android (operating system)},
  author={Wikipedia},
  year={2015},
  publisher={https://en.wikipedia.org/wiki/Android_%28operating_system%29}
}

@article{abolfazli2012mobile,
  title={Mobile cloud computing: A review on smartphone augmentation approaches},
  author={Abolfazli, Saeid and Sanaei, Zohreh and Gani, Abdullah},
  journal={arXiv preprint arXiv:1205.0451},
  year={2012}
}

@article{gartnerforecast,
  title={Forecast as Consumers Diversify Computing Needs Across Devices},
  author={Gartner Lowers, PC},
  journal={Acceesible from: www. gartner. com/it/page. jsp}
}

@book{downing1998java,
  title={Java RMI: remote method invocation},
  author={Downing, Troy Bryan},
  year={1998},
  publisher={IDG Books Worldwide, Inc.}
}

@misc{holtmann2007bluez,
  title={BlueZ, Official Linux Bluetooth protocol stack},
  author={Holtmann, Marcel and Krasnyansky, Max and others},
  year={2007},
  publisher={Visited 17-12-2006}
}

@phdthesis{ostrowski2000mechanism,
  title={A mechanism for scalable event notification and delivery in Linux},
  author={Ostrowski, Michal and Math, M},
  year={2000},
  school={University of Waterloo}
}

@book{mandelbrot2013fractals,
  title={Fractals and chaos: the Mandelbrot set and beyond},
  author={Mandelbrot, Benoit},
  volume={3},
  year={2013},
  publisher={Springer Science \& Business Media}
}

@article{kropp2010automated,
  title={Automated GUI testing on the Android platform},
  author={Kropp, Martin and Morales, Pamela},
  journal={on Testing Software and Systems: Short Papers},
  pages={67},
  year={2010}
}

